% ---------------------------------------------------------------------------------------
% String Definitions (Long) -------------------------------------------------------------
% ---------------------------------------------------------------------------------------

@string{AISTATS = {Proc.~of the International Conference on Artificial Intelligence and Statistics ({AISTATS})}}
@string{BMVC    = {Proc.~of the British Machine Vision Conference ({BMVC})}}
@string{CAI     = {Proc.~of the Conference on Artificial Intelligence ({CAI})}}
@string{CVPR    = {Proc.~of the {IEEE} Conference on Computer Vision and Pattern Recognition ({CVPR})}}
@string{ECCV    = {Proc.~of the European Conference on Computer Vision ({ECCV})}}
@string{ECCLT   = {Proc.~of the European Conference on Computational Learning Theory ({ECCLT})}}
@string{EMMCVPR = {International Workshop on Energy Minimization Methods in Computer Vision and Pattern Recognition ({EMMCVPR})}}
@string{EMNLP   = {Proc.~of Empirical Methods in Natural Language Processing ({EMNLP})}}
@string{FOCS    = {Foundations of Computer Science ({FOCS})}}
@string{ICCV    = {Proc.~of the International Conference on Computer Vision ({ICCV})}}
@string{ICML    = {Proc.~of the International Conference on Machine Learning ({ICML})}}
@string{ICRA    = {Proc.~of the International Conference on Robotics and Automation ({ICRA})}}
@string{IEEEIT  = {{IEEE} Trans.~on Info.~Theory}}
@string{IJCAI   = {Proc.~of the International Joint Conference on Artificial Intelligence ({IJCAI})}}
@string{IJCV    = {International Journal of Computer Vision ({IJCV})}}
@string{ISRR    = {International Symposium on Robotics Research ({ISRR})}}
@string{JAIR    = {Journal of Artificial Intelligence Research ({JAIR})}}
@string{JMLR    = {Journal of Machine Learning Research ({JMLR})}}
@string{MCCAP   = {{ACM} Trans.~on Multimedia Computing, Communications, and Applications ({TOMCCAP})}}
@string{NIPS    = {Advances in Neural Information Processing Systems ({NIPS})}}
@string{PAMI    = {{IEEE} Trans.~on Pattern Analysis and Machine Intelligence ({PAMI})}}
@string{RSS     = {Proc.~of Robotics: Science and Systems ({RSS})}}
@string{SIGGRAPH = {Proc.~of the Intl. Conf. on Computer Graphics and Interactive Techniques ({SIGGRAPH})}}
@string{UAI     = {Proc.~of the Uncertainty in Artificial Intelligence ({UAI})}}
