
% ---------------------------------------------------------------------------------------
% Conference and Journal Papers ---------------------------------------------------------
% ---------------------------------------------------------------------------------------

% My Papers

@inproceedings{Park:ECCV2012,
  author    = {Kyoungup Park and
               Stephen Gould},
  title     = {On Learning Higher-Order Consistency Potentials for Multi-class Pixel Labeling},
  booktitle = ECCV,
  year      = {2012}
}

@inproceedings{Gould:ICML2011,
  author    = {Stephen Gould},
  title     = {Max-margin Learning for Lower Linear Envelope Potentials in Binary {M}arkov Random Fields},
  booktitle = ICML,
  year      = {2011}
}

@inproceedings{Liu:CVPR10,
  author    = {Beyang Liu and
               Stephen Gould and
               Daphne Koller},
  title     = {Single Image Depth Estimation from Predicted Semantic Labels},
  booktitle = CVPR,
  year      = {2010}
}

@inproceedings{Gould:NIPS09,
  author    = {Stephen Gould and
               Tianshi Gao and
               Daphne Koller},
  title     = {Region-based Segmentation and Object Detection},
  booktitle = NIPS,
  year      = {2009}
}

@inproceedings{Gould:ICCV09,
  author    = {Stephen Gould and
               Rick Fulton and
               Daphne Koller},
  title     = {Decomposing a Scene into Geometric and Semantically Consistent Regions},
  booktitle = ICCV,
  year      = {2009}
}

@inproceedings{Gould:CVPR09,
  author    = {Stephen Gould and
               Fernando Amat and
               Daphne Koller},
  title     = {Alphabet {SOUP}: A Framework for Approximate Energy Minimization},
  booktitle = CVPR,
  year      = {2009}
}

@inproceedings{Quigley:ICRA09,
  author    = {Morgan Quigley and
               Siddharth Batra and
               Stephen Gould and
               Ellen Klingbeil and
               Quoc V. Le and
               Ashley Wellman and
               Andrew Y. Ng},
  title     = {High-Accuracy 3{D} Sensing for Mobile Manipulation: Improving Object Detection and Door Opening},
  booktitle = ICRA,
  year      = {2009}
}

@inproceedings{Heitz:NIPS08a,
  author    = {Geremy Heitz and
               Stephen Gould and
               Ashutosh Saxena and
               Daphne Koller},
  title     = {Cascaded Classification Models: Combining Models for Holistic Scene Understanding},
  booktitle = NIPS,
  year      = {2008}
}

@article{Gould:IJCV08,
  author     = {Stephen Gould and
                Jim Rodgers and
                David Cohen and
                Gal Elidan and
                Daphne Koller},
  title      = {Multi-class Segmentation with Relative Location Prior},
  journal    = IJCV,
  year       = {2008},
}

@inproceedings{Elidan:NIPS08,
  author    = {Gal Elidan and
               Stephen Gould},
  title     = {Learning Bounded Treewidth {B}ayesian Networks},
  booktitle = NIPS,
  year      = {2008}
}

@article{Elidan:JMLR08,
  author    = {Gal Elidan and
               Stephen Gould},
  title     = {Learning Bounded Treewidth {B}ayesian Networks},
  journal   = JMLR,
  year      = {2008},
  volume    = {9},
  month     = {December},
  pages     = {2699--2731},
}

@inproceedings{Duchi:UAI08,
  author    = {John C. Duchi and
	       Stephen Gould and
	       Daphne Koller},
  title     = {Projected Subgradient Methods for Learning Sparse Gaussians},
  booktitle = UAI,
  year      = {2008}
}

@inproceedings{Gould:M2SFA208,
  author    = {Stephen Gould and
               Paul Baumstarck and
               Morgan Quigley and
               Andrew Y. Ng and
               Daphne Koller},
  title     = {Integrating Visual and Range Data for Robotic Object Detection},
  booktitle = {ECCV Workshop on Multi-camera and Multi-modal Sensor Fusion Algorithms and Applications (M2SFA2)},
  year      = {2008}
}

@inproceedings{Gould:IJCAI07,
  author    = {Stephen Gould and
               Joakim Arfvidsson and
               Adrian Kaehler and
               Benjamin Sapp and
               Marius Messner and
               Gary R. Bradski and
               Paul Baumstarck and
               Sukwon Chung and
               Andrew Y. Ng},
  title     = {Peripheral-Foveal Vision for Real-time Object Recognition and Tracking in Video},
  booktitle = IJCAI,
  year      = {2007}
}

% Vision (e.g., ICCV, ECCV, CVPR, IJCV)

@article{Kolmogorov:DAM12,
  author = {Vladimir Kolmogorov},
  title = {Minimizing a sum of submodular functions},
  journal = {Discrete Applied Mathematics},
  volume = {160},
  number = {14},
  month = {Oct},
  pages = {2246--2258},
  year = {2012}
}

@article{Orlin:MP2009,
  author = {James B. Orlin},
  title = {A faster strongly polynomial time algorithm for submodular function minimization},
  journal = {Mathematical Programming},
  volume = {118},
  number = {2},
  pages = {237--251},
  year = {2009}
}

@inproceedings{Carreira:ECCV12,
  author = {J. Carreira and R. Caseiro and J. Batista and C. Sminchisescu},
  title = {Semantic Segmentation with Second-Order Pooling},
  booktitle = ECCV,
  year = {2012}
}

@inproceedings{Ladicky:ECCV10,
  author = {Lubor Ladicky and Chris Russell and Pushmeet Kohli and Philip H.S. Torr},
  title = {Graph Cut based Inference with Co-occurrence Statistics},
  booktitle = ECCV,
  year = {2010}
}

@inproceedings{Nowozin:ECCV10,
  author = {Sebastian Nowozin and Peter V. Gehler and Christoph H. Lampert},
  title = {On Parameter Learning in {CRF}-based Approaches to Object Class Image Segmentation},
  booktitle = ECCV,
  year = {2010}
}

@inproceedings{Felzenszwalb:CVPR10a,
  author = {Pedro F. Felzenszwalb and Olga Veksler},
  title = {Tiered Scene Labeling with Dynamic Programming},
  booktitle = CVPR,
  year = {2010}
}

@inproceedings{Felzenszwalb:CVPR10b,
  author = {Pedro F. Felzenszwalb and R. Girshick and David McAllester},
  title = {Cascade Object Detection with Deformable Part Models},
  booktitle = CVPR,
  year = {2010}
}

@inproceedings{Delong:CVPR10,
  author = {Andrew Delong and Anton Osokin and Hossam Isack and Yuri Boykov},
  title = {Fast Approximate Energy Minimization with Label Costs},
  booktitle = CVPR,
  year = {2010}
}

@inproceedings{Kohli:CVPR10,
  author = {Pushmeet Kohli and M. Pawan Kumar},
  title = {Energy Minimization for Linear Envelope {MRF}s},
  booktitle = CVPR,
  year = {2010}
}

@inproceedings{Lim:CVPR10,
  author = {Yongsub Lim and Kyomin Jung and Pushmeet Kohli},
  title = {Energy Minimization Under Constraints on Label Counts},
  booktitle = CVPR,
  year = {2010}
}

@inproceedings{Yang:CVPR10,
  author = {Yi Yang and Sam Hallman and Deva Ramanan and Charless Fowlkes},
  title = {Layered Object Detection for Multi-Class Segmentation},
  booktitle = CVPR,
  year = {2010}
}

@article{Felzenszwalb:PAMI10,
  author = {Pedro Felzenszwalb and Ross B. Girshick and David McAllester and Deva Ramanan},
  title = {Object Detection with Discriminatively Trained Part Based Models},
  journal = PAMI,
  year = {2010}
}

@inproceedings{Felzenszwalb:CVPR10,
  author = {Pedro Felzenszwalb and Ross B. Girshick and David McAllester},
  title = {Cascade Object Detection with Deformable Part Models},
  booktitle = CVPR,
  year = {2010}
}

@article{Heitz:IJCV09,
  author = {G. Heitz and G. Elidan and B. Packer and D. Koller},
  title = {Shape-Based Object Localization for Descriptive Classification},
  journal = IJCV,
  volume = 84,
  number = 1,
  pages = {40--62},
  year = {2009},
}

@techreport{Lempitsky:TR09,
  author = {Victor Lempitsky and Carsten Rother and Stefan Roth and Andrew Blake},
  title = {Fusion Moves for Markov Random Field Optimization},
  institution = {Microsoft Research},
  year = {2009}
}

@inproceedings{Hedau:ICCV09,
  author = {V. Hedau and D. Hoiem and D.A. Forsyth},
  title = {Recovering the Spatial Layout of Cluttered Rooms},
  booktitle = ICCV,
  year = 2009
}

@inproceedings{Lempitsky:ICCV09,
  author = {Victor Lempitsky and Pushmeet Kohli and Carsten Rother and Toby Sharp},
  title = {Image Segmentation with a Bounding Box Prior},
  booktitle = ICCV,
  year = {2009}
}

@inproceedings{Gao:ICCV09,
  author = {Jizhou Gao and Yin Hu and Jinze Liu and Ruigang Yang},
  title = {Unsupervised Learning of High-order Structural Semantics from Images},
  booktitle = ICCV,
  year = {2009}
}

@inproceedings{Lim:ICCV09,
  author = {J. Lim and P. Arbelaez and C. Gu and J. Malik},
  title = {Context by Region Ancestry},
  booktitle = ICCV,
  year = {2009}
}

@inproceedings{Nowozin:CVPR09,
  author = {Sebastian Nowozin and Christoph H. Lampert},
  title = {Global Connectivity Potentials for Random Field Models},
  booktitle = CVPR,
  year = {2009}
}

@inproceedings{Rother:CVPR09,
  author = {Carsten Rother and Pushmeet Kohli and Wei Feng and Jiaya Jia},
  title = {Minimizing Sparse Higher Order Energy Functions of Discrete Variables},
  booktitle = CVPR,
  year = {2009}
}

@inproceedings{Ishikawa:CVPR09,
  author = {Hiroshi Ishikawa},
  title = {Higher-Order Clique Reduction in Binary Graph Cut},
  booktitle = CVPR,
  year = {2009}
}

@inproceedings{Komodakis:CVPR2011,
  author = {Nikos Komodakis},
  title = {Efficient Training for Pairwise or Higher Order CRFs via Dual Decomposition},
  booktitle = CVPR,
  year = {2011}
}

@inproceedings{Komodakis:CVPR09,
  author = "Nikos Komodakis and Nikos Paragios",
  title = "Beyond Pairwise Energies: Efficient Optimization for Higher-Order {MRF}s",
  booktitle = CVPR,
  year = "2009"
}

@inproceedings{Gu:CVPR09,
  author = "Chunhui Gu and Joseph J. Lim and Pablo Arbelaez and Jitendra Malik",
  title = "Recognition using Regions",
  booktitle = CVPR,
  year = "2009"
}

@inproceedings{Micusik:CVPR09,
  author = "B. Micusik and J. Kosecka",
  title = "Picewise Planar City Modeling from Street View Panoramic Sequences",
  booktitle = CVPR,
  year = "2009"
}

@inproceedings{Liu:CVPR09,
  author = "C. Liu and J. Yuen and A. Torralba",
  title = "Nonparametric Scene Parsing: Label Transfer via Dense Scene Alignment",
  booktitle = CVPR,
  year = "2009"
}

@inproceedings{Quattoni:CVPR09,
  author = {Ariadna Quattoni and Antonio Torralba},
  title = {Recognizing Indoor Scenes},
  booktitle = CVPR,
  year = {2009}
}

@inproceedings{Russell:CVPR09,
  author = "Bryan C. Russell and Antonio Torralba",
  title = "Building a database of 3{D} scenes from user annotations",
  booktitle = CVPR,
  year = {2009}
}

@inproceedings{Wang:ICCV09,
  author = {Wang, X. and Han, T. and Yan, S.},
  title = {An {HOG-LBP} human detector with partial occlusion handling},
  booktitle = ICCV,
  year = {2009}
}

@inproceedings{Divvala:CVPR09,
  author = {Santosh K. Divvala and Derek Hoiem and James H. Hays and Alexei A. Efros and Martial Hebert},
  title = {An Empirical Study of Context in Object Detection},
  booktitle = CVPR,
  year = {2009}
}

@inproceedings{Ladicky:ICCV09,
  author = {Lubor Ladicky and Chris Russell and Pushmeet Kohli and Philip H.S. Torr},
  title = {Associative hierarchical {CRF}s for object class image segmentation},
  booktitle = ICCV,
  year = {2009}
}

@inproceedings{Heitz:NIPS08b,
  author = {Geremy Heitz and Gal Elidan and Ben Packer and Daphne Koller},
  title = {Shape-Based Object Localization for Descriptive Classification},
  booktitle = NIPS,
  year = {2008}
}

@inproceedings{Zhu:NIPS08,
  author = {Long Zhu and Yuanhao Chen and Yuan Lin and Chenxi Lin and Alan Yuille},
  title = {Recursive Segmentation and Recognition Templates for 2{D} Parsing},
  booktitle = NIPS,
  year = {2008}
}

@inproceedings{Kohli:CVPR08,
  author = {Pushmeet Kohli and Lubor Ladicky and Philip H.S. Torr},
  title = {Robust Higher Order Potentials for Enforcing Label Consistency},
  booktitle = CVPR,
  year = 2008
}

@inproceedings{Ramalingam:CVPR08,
  author = {S. Ramalingam and P. Kohli and K. Alahari and P.H.S. Torr},
  title = {Exact Inference in Multi-label {CRFs} with Higher Order Cliques},
  booktitle = CVPR,
  year = 2008
}

@article{Szeliski:PAMI08,
  author = {Szeliski, R. and Zabih, R. and Scharstein, D. and Veksler, O. and Kolmogorov, V. and Agarwala, A. and Tappen, M. and Rother, C.},
  title = {A Comparative Study of Energy Minimization Methods for {MRF}s with Smoothness-Based Priors},
  journal = PAMI,
  year = {2008}
}

@article{Hoiem:IJCV08,
  author = "Derek Hoiem and Alexei A. Efros and Martial Hebert",
  title = "Putting Objects in Perspective",
  journal = IJCV,
  year = "2008"
}

@inproceedings{Szummer:ECCV08,
  author = {Matrin Szummer and Pushmeet Kohli and Derek Hoiem},
  title = {Learning {CRF}s using Graph-Cuts},
  booktitle = ECCV,
  year = {2008}
}

@inproceedings{Wojek:ECCV08,
  title = "A Dynamic Conditional Random Field Model for Joint Labeling of Object and Scene Classes",
  author = "Christian Wojek and Bernt Schiele",
  booktitle = ECCV,
  year = "2008"
}

@inproceedings{Heitz:ECCV08,
  title = {Learning Spatial Context: Using Stuff to Find Things},
  author = {Geremy Heitz and Daphne Koller},
  booktitle = ECCV,
  year = {2008}
}

@inproceedings{Hoiem:CVPR08,
  author = "Derek Hoiem and Alexei A. Efros and Martial Hebert",
  title = "Closing the Loop on Scene Interpretation",
  booktitle = CVPR,
  year = "2008"
}

@inproceedings{Parikh:CVPR08,
  author = {Parikh, D. and Zitnick, L. and Chen, T.},
  title = {From appearance to context-based recognition: Dense labeling in small images},
  booktitle = CVPR,
  year = {2008}
}

@inproceedings{Tu:CVPR08,
  author = {Zhuowen Tu},
  title = {Auto-context and its application to high-level vision tasks},
  booktitle = CVPR,
  year = {2008}
}

@techreport{Galleguillos:TR08,
  author = {Galleguillos, C. and Belongie, S.},
  title = {Context based object categorization: A critical survey},
  institution = {UCSD},
  number = {CS2008-0928},
  year = {2008}
}

@techreport{Kohli:TR08,
  author = {Pushmeet Kohli and Lubor Ladicky and Philip H. S. Torr},
  title = {Graph Cuts for Minimizing Higher Order Potentials},
  institution = {Microsoft Research},
  year = {2008}
}

@inproceedings{Kohli:CVPR07,
  author = {Pushmeet Kohli and M. Pawan Kumar and Philip H. S. Torr},
  title = {P3 \& Beyond: {S}olving Energies with Higher Order Cliques},
  booktitle = CVPR,
  year = 2007
}

@article{Kohli:PAMI07,
  author = {Pushmeet Kohli and Philip H. S. Torr},
  title = {Dynamic Graph Cuts for Efficient Inference in Markov Random Fields},
  journal = PAMI,
  year = {2007}
}

@inproceedings{Li:CVPR07,
  author = {Li-Jia Li and Gang Wang and Li Fei-Fei},
  title = {{OPTIMOL}: automatic Object Picture collecTion via Incremental MOdel Learning},
  booktitle = CVPR,
  year = {2007}
}

@inproceedings{Hoiem:ICCV07,
  author = "Derek Hoiem and Andrew N. Stein and Alexei A. Efros and Martial Hebert",
  title = "Recovering Occlusion Boundaries from a Single Image",
  booktitle = ICCV,
  year = "2007"
}

@article{Hoiem:IJCV07,
  author = "Derek Hoiem and Alexei A. Efros and Martial Hebert",
  title = "Recovering surface layout from an image",
  journal = IJCV,
  year = "2007"
}

@inproceedings{Opelt:ECCV06,
  author = {Andreas Opelt and Alex Pinz and Andrew Zisserman},
  title = {A boundary-fragment-model for object detection},
  booktitle = ECCV,
  year = {2006}
}

@inproceedings{Delage:CVPR06,
  title = {A dynamic {B}ayesian network model for autonomous 3{D} reconstruction from a single indoor image},
  author = {Erick Delage and Honglak Lee and Andrew Y. Ng},
  booktitle = CVPR,
  year = {2006}
}

@inproceedings{Winn:CVPR06,
  author = {John Winn and Jamie Shotton},
  title = {The Layout Consistent Random Field for Recognizing and Segmenting Partially Occluded Objects},
  booktitle = CVPR,
  year = {2006}
}

@article{Lew:MCCAP06,
  author = {Lew, Michael S. and Sebe, Nicu and Djeraba, Chabane and Jain, Ramesh},
  title = {Content-based multimedia information retrieval: State of the art and challenges},
  journal = MCCAP,
  volume = {2},
  number = {1},
  year = {2006},
  pages = {1--19}
}

@article{Ponce:2006,
  author = {Ponce, J. and Berg, T. and Everingham, M. and Forsyth, D. and Hebert, M. and Lazebnik, S. and Marszalek, M. and Schmid, C. and Russell, B. and Torralba, A. and Williams, C. and Zhang, J. and Zisserman, A.},
  title = {Dataset Issues in Object Recognition},
  journal = {Toward Category-Level Object Recognition},
  pages = {29--48},
  year = {2006}
}

@inproceedings{Thirde:ICCVS06,
  author = {David Thirde and Mark Borg and James Ferryman and Florent Fusier and Valery Valentin and Francois Bremond and Monique Thonnat},
  title = {A Real-Time Scene Understanding System for Airport Apron Monitoring},
  booktitle = {Proc.~of the International Conference on Computer Vision Systems (ICCVS)},
  year = {2006},
}

@inproceedings{Winn:ICCV05,
  author = {J. Winn and A. Criminisi and T. Minka},
  title = {Object Categorization by Learned Universal Visual Dictionary},
  booktitle = ICCV,
  year = {2005},
}

@inproceedings{Hoiem:ICCV05,
  author = "Derek Hoiem and Alexei A. Efros and Martial Hebert",
  title = "Geometric Context from a Single Image",
  booktitle = ICCV,
  year = "2005"
}

@inproceedings{FeiFei:CVPR05,
  author = {Li. Fei-Fei and P. Perona},
  title = {A {B}ayesian Hierarchical Model for Learning Natural Scene Categories},
  booktitle = CVPR,
  year = {2005}
}

@inproceedings{Levin:CVPR04,
  author = {A. Levin and R. Szeliski},
  title = {Visual odometry and map correlation},
  booktitle = CVPR,
  pages = {611--618},
  year = {2004},
}

@inproceedings{Leibe:ECCV04,
  author = {B. Leibe and A. Leonardis and B. Schiele},
  title = {Combined Object Categorization and Segmentation with an Implicit Shape Model},
  booktitle = ECCV,
  year = {2004},
}

@inproceedings{He:CVPR04,
  author = "Xuming He and Richard S. Zemel and Miguel Carreira-Perpinan",
  title = "Multiscale conditional random fields for image labeling",
  booktitle = CVPR,
  year = "2004"
}

@article{Viola:IJCV04,
  author = {Paul Viola and Michael Jones},
  title = {Robust Real-Time Face Detection},
  journal = IJCV,
  volume = {57},
  number = {2},
  year = {2004},
  pages = {137--154},
  publisher = {Kluwer Academic Publishers},
}

@article{Lowe:IJCV04,
  author = {David G. Lowe},
  title = {Distinctive image features from scale-invariant keypoints},
  journal = IJCV,
  year = {2004}
}

@InProceedings{Kumar:BMVC04,
   author = "Kumar, M.~P. and Torr, P.~H.~S. and Zisserman, A.",
   title = "Extending Pictorial Structures for Object Recognition",
   booktitle = BMVC,
   pages = "789--798",
   year = 2004
}

@techreport{Strandh:TR04,
  author = {Robert Strandh and Jacques-Oliver Lapeyre},
  title = {An efficient union-find algorithm for extracting the connected components of a large-sized image},
  institution = {Laboratoire Bordelais de Recherche en Informatique},
  year = {2004}
}

@inproceedings{Tu:ICCV03,
  author = {Zhuowen Tu and Xiangrong Chen and Alan L. Yuille and Song-Chun Zhu},
  title = {Image Parsing: Unifying Segmentation, Detection, and Recognition},
  booktitle = ICCV,
  year = {2003}
}

@article{Tu:IJCV05,
  author = {Zhuowen Tu and Xiangrong Chen and Alan L. Yuille and Song-Chun Zhu},
  title = {Image parsing: unifying segmentation, detection and recognition},
  journal = IJCV,
  year = {2005}
}

@article{Han:PAMI09,
  author = {Feng Han and Song-Chun Zhu},
  title = {Bottom-Up/Top-Down Image Parsing with Attribute Grammar},
  journal = PAMI,
  year = {2009}
}

@inproceedings{Agarwala:SIGGRAPH04,
  author = {Aseem Agarwala and Mira Dontcheva and Maneesh Agrawala and Steven Drucker and Alex Colburn and Brian Curless and David Salesin and Michael Cohen},
  title = {Interactive Digital Photomontage},
  booktitle = SIGGRAPH,
  year = {2004}
}

@article{Ishikawa:PAMI03,
  author = {Hiroshi Ishikawa},
  title = {Exact Optimization for {M}arkov Random Fields with Convex Priors},
  journal = PAMI,
  volume = {25},
  pages = {1333--1336},
  year = {2003}
}

@inproceedings{Kosecka:ECCV02,
  author = {Jana Kosecka and Wei Zhang},
  title = {Video compass},
  booktitle = ECCV,
  year = {2002}
}

@inproceedings{Boykov:ICCV01,
  author = {Yuri Y. Boykov and Marie-Pierre Jolly},
  title = {Interactive Graph Cuts for Optimal Boundary and Region Segmentation of Objects in N-D Images},
  booktitle = ICCV,
  year = {2001}
}

@article{Viola:IJCV01,
  author = {Paul Viola and Michael Jones},
  title =  {Robust Real-time Object Detection},
  journal = IJCV,
  year =  {2001}
}

@article{Criminisi:IJCV00,
  author = {Antonio Criminisi and Ian Reid and Andrew Zisserman},
  title = {Single View Metrology},
  journal = IJCV,
  year = {2000}
}

@inproceedings{Boykov:ICCV99,
    author = {Yuri Boykov and Olga Veksler and Ramin Zabih},
    title = {Fast approximate energy minimization via graph cuts},
    booktitle = ICCV,
    year = {1999}
}

@inproceedings{Papageorgiou:ICCV98,
  author = {Constantine P. Papageorgiou and Michael Oren and Tomaso Poggio},
  title = {A General Framework for Object Detection},
  booktitle = ICCV,
  year = {1998}
}

@article{Yang:PR96,
  author = {Luren Yang and Fritz Albregtsen},
  title = {Fast and exact computation of Cartesian geometric moments using discrete Green's theorem},
  journal = {Pattern Recognition},
  volume = {29},
  issue = {7},
  month = {July},
  pages = {1061--1073},
  year = {1996}
}

@inproceedings{Jones:ECCV92,
  author = {D. G. Jones and J. Malik},
  title =  {A computational framework for determining stereo correspondence from a set of linear spatial filters},
  booktitle = ECCV,
  year = {1992}
}

@article{Quan:PRL89,
  author = {Long Quan and Roger Mohr},
  title = {Determining perspective structures using hierarchical Hough transform},
  journal = {Pattern Recognition Letters},
  volume = {9},
  issue = {4},
  month = {May},
  pages = {279--286},
  year = {1989}
}

@inbook{Horn:1989,
  author = {Horn, Berthold K. P.},
  title = {Obtaining shape from shading information},
  book = {Shape from shading},
  pages = {123--171},
  year = {1989}
}

@article{Greig:89,
  author = {Darryl M. Greig and Bruce T. Porteous and Allan H. Seheult},
  title = {Exact Maximum A Posteriori Estimation for Binary Images},
  journal = {Journal of the Royal Statistical Society},
  volume = {51},
  number = {2},
  pages = {271--279},
  year = {1989}
}

@article{Canny:PAMI86,
  author = {John Canny},
  title = {A Computational Approach To Edge Detection},
  journal = PAMI,
  pages = {679--714},
  year = {1986}
}

@inproceedings{Tsai:CVPR86,
  author = {R. Y. Tsai},
  title = {An Efficient and Accurate Camera Calibration Technique for 3{D} Machine Vision},
  booktitle = CVPR,
  pages = {364--374},
  year = {1986}
}

@inproceedings{Crow:SIGGRAPH84,
  author = {Franklin Crow},
  title = {Summed-area tables for texture mapping},
  booktitle = SIGGRAPH,
  pages = {207--212},
  year = {1984}
}

@article{Brooks:PAMI83,
  author = {Rodney Brooks},
  title = {Model-based 3-{D} interpretations of 2-{D} images},
  journal = PAMI,
  pages = {140--150},
  year = {1983}
}

@article{Tang:PAMI82,
  author = {Gregory Y. Tang},
  title = {A Discrete Version of Green's Theorem},
  journal = PAMI,
  year = {1982}
}

@article{Barrow:IEEE81,
  author = {Barrow, H.G. and Tenenbaum, J.M.},
  title = {Computational vision},
  journal = {Proc.~of the IEEE},
  year = {1981},
  pages = {572--295},
}

@inproceedings{Biederman:1981,
  author = {Irving Biederman},
  title = {On the semantics of a glance at a scene},
  booktitle = {Perceptual Organization},
  year = {1981}
}

@inproceedings{Hanson:CVS78,
  author = {A. R. Hanson and E. M. Riseman},
  title = {{VISIONS}: A computer system for interpreting scenes},
  booktitle = {Computer Vision Systems},
  pages = {303--333},
  year = {1978}
}

@inproceedings{Ohta:IJCPR78,
  author = {{Yu-ichi} Ohta and Takeo Kanade and Toshiyuki Sakai},
  title = {An Analysis System for Scenes containing Objects with Substructures},
  booktitle = {Proc.~of the International Joint Conference on Pattern Recognition (IJCPR)},
  pages = {752--754},
  year = {1978}
}

@inproceedings{Waltz:75,
  author = {David Waltz},
  title = {Understanding line drawings of scenes with shadows},
  booktitle = {The Psychology of Computer Vision},
  year = {1975},
  publisher = {McGraw-Hill}
}

% Robotics (e.g., RSS, ICRA)

@inproceedings{Klingbeil:ICRA10,
  author = {Ellen Klingbeil and Blake Carpenter and Olga Russakovsky and Andrew Y. Ng},
  title = {Autonomous Operation of Novel Elevators for Robot Navigation},
  booktitle = ICRA,
  year = {2010}
}


@inproceedings{Mirota:MI09,
  author = {Daniel Mirota and Russell H. Taylor and Masaru Ishii and Gregory D. Hager},
  title = {Direct Endoscopic Video Registration for Sinus Surgery},
  booktitle = {Medical Imaging 2009: Visualization, Image-guided Procedures and Modeling. Proceedings of the SPIE},
  year = {2009}
}

@inproceedings{Saxena:ISRR07,
  author = {Ashutosh Saxena and Lawson Wong and Morgan Quigley and Andrew Y. Ng},
  title = {A Vision-based System for Grasping Novel Objects in Cluttered Environments},
  booktitle = ISRR,
  year = {2007}
}

@inproceedings{Newman:ICRA06,
  author = {P. Newman and D. Cole and K. Ho},
  title = {Outdoor {SLAM} using Visual Appearance and Laser Ranging},
  booktitle = ICRA,
  year = {2006}
}

@inproceedings{Rother:SIGGRAPH04,
  author = {C. Rother and V. Kolmogorov and A. Blake},
  title = {{G}rab{C}ut: Interactive Foreground Extraction using Iterated Graph Cuts},
  booktitle = SIGGRAPH,
  year = {2004}
}

% Machine Learning (e.g., ICML, NIPS, JMLR, PAMI, UAI)

@inproceedings{Pletscher:AISTATS12,
  author = {Patrick Pletscher and Pushmeet Kohli},
  title = {Learning Low-order Models for Enforcing High-order Statistics},
  booktitle = AISTATS,
  year = {2012}
}

@inproceedings{Fritz:NIPS09,
  author = {M. Fritz and M. Black and G. Bradski and T. Darrell},
  title = {An Additive Latent Feature Model for Transparent Object Recognition},
  booktitle = NIPS,
  year = {2009}
}

@inproceedings{Yu:ICML09,
  author = {C.-N. Yu and T. Joachims},
  title = {Learning Structural {SVM}s with Latent Variables},
  booktitle = ICML,
  year = {2009}
}

@article{Joachims:ML09,
  author = {Thorsten Joachims and Thomas Finley and Chun-Nam John Yu},
  title = {Cutting-Plane Training of Structural {SVM}s},
  journal = {Machine Learning},
  xjournal = {Mach. Lrning.},
  volume = 77,
  xnumber = 1,
  pages = {27--59},
  year = {2009}
}

@inproceedings{Finley:ICML08,
  author = 	 {T. Finley and T. Joachims},
  title = 	 {Training Structural {SVMs} when Exact Inference is Intractable},
  booktitle =	 ICML,
  xpages =       {304--311},
  year =	 2008
}

@article{Heskes:JAIR06,
  author = {Tom Heskes},
  title = {Convexity arguments for efficient minimization of the {B}ethe and {K}ikuchi free energies},
  journal = JAIR,
  volume = 26,
  pages = {153--190},
  year = {2006}
}


@inproceedings{Taskar:ICML05,
  author = {Ben Taskar and Vasco Chatalbashev and Daphne Koller and Carlos Guestrin},
  title = {Learning Structured Prediction Models: A Large Margin Approach},
  booktitle = ICML,
  year = {2005}
}

@article{Tsochantaridis:JMLR05,
  author = {I. Tsochantaridis and T. Joachims and T. Hofmann and Y. Altun},
  title = {Large Margin Methods for Structured and Interdependent Output Variables},
  journal = JMLR,
  volume = {6},
  pages = {1453--1484},
  year = {2005}
}

@inproceedings{Tsochantaridis:ICML04,
  author = {I. Tsochantaridis and T. Hofmann and T. Joachims and Y. Altun},
  title = {Support Vector Learning for Interdependent and Structured Output Spaces},
  booktitle = ICML,
  year = {2004}
}

@article{Comaniciu:PAMI02,
  author = {Dorin Comaniciu and Peter Meer},
  title = {Mean shift: A robust approach toward feature space analysis},
  journal = PAMI,
  year = {2002},
  volume = {24},
  pages = {603--619}
}

@inproceedings{Lafferty:ICML01,
  author = {John D. Lafferty and Andrew McCallum and Fernando C. N. Pereira},
  title = {Conditional Random Fields: Probabilistic Models for Segmenting and Labeling Sequence Data},
  booktitle = ICML,
  year = {2001}
}

@article{Platt:ALMC99,
  author = {John C. Platt},
  title = {Probabilistic Outputs for Support Vector Machines and Comparisons to Regularized Likelihood Methods},
  journal = {Advances in Large Margin Classifiers},
  year = {1999}
}

@techreport{Friedman:TR98,
  author = "J. Friedman and T. Hastie and R. Tibshirani",
  title = "Additive logistic regression",
  xtitle = "Additive logistic regression: a statistical view of boosting",
  institution = "Stanford",
  year = "1998"
}

@inproceedings{Freund:ECCLT95,
  author = {Y. Freund and R. Schapire},
  title = {A decision-theoretic generalization of on-line learning and an application to boosting},
  booktitle = ECCLT,
  pages = {23--37},
  year = {1995}
}

% Other

@inproceedings{Snow:EMNLP08,
  author = {Rion Snow and Brendan O'Connor and Daniel Jurafsky and Andrew Y. Ng.},
  title = {Cheap and Fast---But is it Good? Evaluating Non-Expert Annotations for Natural Language Tasks},
  booktitle = EMNLP,
  year = {2008}
}

@inproceedings{Hoiem:SIGGRAPH05,
  author = "D. Hoiem and A. A. Efros and M. Hebert",
  title = "Automatic Photo Pop-up",
  booktitle = SIGGRAPH,
  year = "2005"
}

@article{Nesterov:MATH05,
  author = {Yuri Nesterov},
  title = {Smooth Minimization of Nonsmooth Functions},
  journal = {Math. Programming},
  volume = {103},
  pages = {127--152},
  year = {2005}
}

@article{Boros:MATH02,
   author = {Boros, Endre and Hammer, Peter L.},
   title = {Pseudo-boolean optimization},
   journal = {Discrete Applied Mathematics},
   xjournal = {Discrete Appl. Math.},
   volume = {123},
   issue = {1-3},
   year = {2002},
   pages = {155--225}
} 

@inproceedings{Liu:89,
  author = {D.C. Liu and J. Nocedal},
  title = {On the Limited Memory Method for Large Scale Optimization},
  year = {1989},
  booktitle = {Math. Prog. B},
  volume = {45},
  number = {3},
  pages = {503--528}
}

@inproceedings{Nocedal:80,
  author = {J. Nocedal},
  title = {Updating Quasi-Newton Matrices with Limited Storage},
  year = {1980},
  booktitle = {Mathematics of Computation},
  volume = {35},
  pages = {773--782}
}

@article{Besag:RSS86,
  author = {Julian E. Besag},
  title = {On the statistical analysis of dirty pictures},
  journal = {Royal Stat. Soc. Series B},
  volume = {48},
  pages = {259--302},
  year = {1986},
}

@article{Geman:PAMI84,
  author = {G. Geman and D. Geman},
  title = {Stochastic relaxations, {G}ibbs distributions and the {B}ayesian restoration of images},
  journal = PAMI,
  pages = {721--741},
  year = {1984}
}

@article{Hammersley:1971,
  author = {J. M. Hammersley and P. Clifford},
  title = {Markov random fields in statistics},
  year = {1971}
}

@article{Hammer:1965,
  author = {Peter L. Hammer},
  title = {Some network flow problems solved with psuedo-Boolean programming},
  journal = {Operations Research},
  xjournal = {OR},
  volume = {13},
  pages = {388--399},
  year = {1965}
}

% ---------------------------------------------------------------------------------------
% Books ---------------------------------------------------------------------------------
% ---------------------------------------------------------------------------------------

@book{Koller:2009,
  author = "Daphne Koller and Nir Friedman",
  title = "Probabilistic Graphical Models: Principles and Techniques",
  publisher = "MIT Press",
  year = "2009"
}

@book{Hastie:2009,
  title = {The Elements of Statistical Learning: Data Mining, Inference, and Prediction},
  author = {Trevor Hastie and Robert Tibshirani and Jerome Friedman},
  publisher = {Springer},
  year = {2009}
}

@book{Bishop:2007,
  title = {Pattern Recognition and Machine Learning},
  author = {Christopher M. Bishop},
  publisher = {Springer},
  year = 2007
}

@book{Ma:2005,
   author = {Yi Ma and Stefano Soatto and Jana Kosecka and Shankar Sastry},
   title = {An Invitation to 3-{D} Vision},
   publisher = {Springer},
   year = {2005}
}

@book{Nesterov:2004,
  author = {Yuri Nesterov},
  title = {Introductory Lectures on Convex Optimization},
  publisher = {Kluwer Academic Publisher},
  year = {2004}
}

@book{Hartley:2004,
  author = "Richard I. Hartley and Andrew Zisserman",
  title = "Multiple View Geometry in Computer Vision",
  publisher = "Cambridge University Press",
  year = "2004"
}

@book{Boyd:2004,
  author = {Stephen P. Boyd and Lieven Vandenberghe},
  title = {Convex Optimization},
  publisher = {Cambridge},
  year = {2004}
}

@book{Bertsekas:2004,
  author = {Dimitri P. Bertsekas},
  title = {Nonlinear Programming},
  publisher = {Athena Scientific},
  year = {2004}
}

@book{Cowell:2003,
  author = {Robert G. Cowell and A. Philip Dawid and Steffen L. Lauritzen and David J. Spiegelhalter},
  title = {Probabilistic Networks and Expert Systems: Exact Computational Methods for {B}ayesian Networks},
  publisher = {Springer},
  year = {2003}
}

@book{Forsyth:2002,
  author = {David A. Forsyth and Jean Ponce},
  title = {Computer Vision: A Modern Approach},
  publisher = {Prentice Hall},
  year = {2002}
}

@book{Russell:2002,
  author = {Stuart Russell and Peter Norvig},
  title = {Artificial Intelligence: A Modern Approach},
  publisher = {Prentice Hall},
  year = {2002}
}

@book{Corman:2001,
  author = {Thomas H. Cormen and Charles E. Leiserson and Ronald L. Rivest and Clifford Stein},
  title = {Introduction to Algorithms},
  publisher = {MIT Press and McGraw-Hill},
  year = {2001}
}

@book{Duda+Hart:2000,
  title = {Pattern Classification},
  author = {Richard O. Duda and Peter E. Hart and David G. Stork},
  publisher = {Wiley-Interscience},
  year = 2000
}

@book{Trucco:1988,
  author = {Emanuele Trucco and Alessandro Verri},
  title = {Introductory Techniques for 3-{D} Computer Vision},
  publisher = {Prentice Hall},
  year = {1998}
}

@book{Bishop:1996,
  title = {Neural Networks for Pattern Recognition},
  author = {Christopher M. Bishop},
  publisher = {Oxford University Press},
  year = 1996
}

@book{Lauritzen:1996,
  author = {Steffen L. Lauritzen},
  title = {Graphical Models},
  publisher = {Oxford University Press},
  year = 1996
}

@book{Kearns:1994,
  author = {M. Kearns and U. Vazirani},
  title = {An Introduction to Computational Learning Theory},
  publisher = {MIT Press},
  year = {1994}
}

@book{Pearl:1988,
  author = {Judea Pearl},
  title = {Probabilistic Reasoning in Intelligent Systems},
  publisher = {Morgan Kaufmann},
  year = 1988
}

@book{Marr:1982,
  author = {David Marr},
  title = {Vision},
  publisher = {W.H. Freeman and Company},
  year = {1982}
}

% ---------------------------------------------------------------------------------------
% Theses --------------------------------------------------------------------------------
% ---------------------------------------------------------------------------------------

@phdthesis{Heitz:PhD09,
  author = {Gemery Heitz},
  title = {Graphical Models for High-Level Computer Vision},
  school = {Stanford University},
  year = {2009}
}

% ---------------------------------------------------------------------------------------
% Software and Datasets -----------------------------------------------------------------
% ---------------------------------------------------------------------------------------

@misc{svl,
  author = {Stephen Gould and Olga Russakovsky and Ian Goodfellow and Paul Baumstarck},
  title = {The {STAIR} {V}ision {L}ibrary (version 2.4)},
  year = {2009},
  url = {http://ai.stanford.edu/$\sim$sgould/svl/}
}

@inproceedings{Sorokin:CVPR08,
  author = {Alexander Sorokin and David Forsyth},
  title = {Utility data annotation with {A}mazon {M}echanical {T}urk},
  booktitle = {the First IEEE Workshop on Internet Vision CVPR},
  year = {2008}
}

@misc{PASCAL:VOC:2012,
  author = "Everingham, M. and Van~Gool, L. and Williams, C. K. I. and Winn, J. and Zisserman, A.",
  title = "The {PASCAL} {V}isual {O}bject {C}lasses {C}hallenge 2010 {(VOC2010)} {R}esults",
  year = "2012"
}

@misc{PASCAL:VOC:2010,
  author = "Everingham, M. and Van~Gool, L. and Williams, C. K. I. and Winn, J. and Zisserman, A.",
  title = "The {PASCAL} {V}isual {O}bject {C}lasses {C}hallenge 2010 {(VOC2010)} {R}esults",
  year = "2010"
}

@misc{PASCAL:VOC:2009,
  author = "Everingham, M. and Van~Gool, L. and Williams, C. K. I. and Winn, J. and Zisserman, A.",
  title = "The {PASCAL} {V}isual {O}bject {C}lasses {C}hallenge 2009 {(VOC2009)} {R}esults",
  year = "2009"
}

@inproceedings{ImageNet:2009,
  author = {Deng, J. and Dong, W. and Socher, R. and Li, L.-J. and Li, K. and Fei-Fei, L.},
  title = {Image{N}et: A large-scale hierarchical image database},
  booktitle = CVPR,
  year = {2009}
}

@article{LabelMe:2008,
  author    = {Bryan C. Russell and
               Antonio B. Torralba and
               Kevin P. Murphy and
               William T. Freeman},
  title     = {Label{M}e: A Database and Web-Based Tool for Image Annotation},
  journal   = IJCV,
  volume    = {77},
  number    = {1-3},
  year      = {2008},
  pages     = {157-173},
}

@techreport{Caltech256:2007,
  author = {G. Griffin and A. Holub and P. Perona},
  title = {Caltech-256 Object Category Dataset},
  institution = {California Institute of Technology},
  year = {2007}
}

@inproceedings{LotusHillDataset:2007,
  author = {Benjamin Yao and Xiong Yang and Song-Chun Zhu},
  title = {Introduction to a large scale general purpose groundtruth dataset: methodology, annotation tool, and benchmarks},
  booktitle = EMMCVPR,
  year = {2007}
}

@inproceedings{StreetScene:2005,
  author = {S. Bileschi and L. Wolf},
  title = {A Unified System for Object Detection, Texture Recognition, and Context Analysis Based on the Standard Model Feature Set},
  booktitle = BMVC,
  year = {2005}
}

@misc{msrc:2004,
  author = "Antonio Criminisi",
  title = "Microsoft research Cambridge ({MSRC}) object recognition pixel-wise labeled image database (version 2)",
  year = 2004,
  note = {Available for download under license from MSR at {\tt http://research.microsoft.com/en-us/projects/ObjectClassRecognition/}}
}

@inproceedings{Martin:ICCV01,
  author = {D. Martin and C. Fowlkes and D. Tal and J. Malik},
  title = {A database of human segmented natural images and its application to evaluating segmentation algorithms and measuring ecological statistics},
  booktitle = ICCV,
  year = {2001}
}

% ---------------------------------------------------------------------------------------
% Unsorted ------------------------------------------------------------------------------
% ---------------------------------------------------------------------------------------

@article{Nowozin:2011,
  author = {Sebastian Nowozin and Christoph H. Lampert},
  title = {Structured Learning and Prediction in Computer Vision},
  journal = {Foundations and Trends in Computer Graphics and Vision},
  volume = {6},
  number = {3--4},
  pages = {185--365},
  year = {2011}
}

@inproceedings{McAuley:ICML06,
  author = {McAuley, J. and T. Caetano and A. Smola and M. O. Franz},
  title = {Learning High-Order {MRF} Priors of Color Images},
  booktitle = ICML,
  year = {2006}
}

@inproceedings{Kruse:IEEE07,
  title={Regional Mineral Mapping By Extending Hyperspectral Signatures Using Multispectral Data},
  author={Kruse, F.A. and Perry, S.L.},
  booktitle={Aerospace Conference},
  year={2007},
}

@article{Amat:JSB08,
  author = "Fernando Amat and Farshid Moussavi and Luis R. Comolli and Gal Elidan and Kenneth H. Downing and Mark Horowitz",
  title = "{MRF} based automatic image alignment for electron tomography",
  journal = "Journal of Structural Biology",
  year = "2008",
}

@article{Abbeel:JMLR06,
  author = "Pieter Abbeel and Daphne Koller and Andrew Y. Ng",
  title = "Learning Factor Graphs in Polynomial Time and Sample Complexity",
  journal = JMLR,
  year = "2006"
}

@inproceedings{Elidan:UAI08,
  author = {G. Elidan and B. Packer and G. Heitz and D. Koller},
  title = {Convex Point Estimation using Undirected {B}ayesian Transfer Hierarchies},
  booktitle = {Conference on Uncertainty in Artificial Intelligence (UAI)},
  year = 2008,
}

@article{Kumar:92,
  author = {V. Kumar},
  title = {Algorithms for constraint-satisfaction problems: a survey},
  journal = {AI Magazine},
  year = {1992}
}

@inproceedings{Saxena:ICCV07,
  title="Learning 3-{D} Scene Structure from a Single Still Image",
  author="Ashutosh Saxena and Min Sun and Andrew Y. Ng",
  booktitle="ICCV workshop on 3{D} Representation for Recognition (3dRR-07)",
  year="2007",
}

@inproceedings{Saxena:PAMI08,
  author="Ashutosh Saxena and Min Sun and Andrew Y. Ng",
  title="Learning 3-{D} Scene Structure from a Single Still Image",
  booktitle=PAMI,
  year="2008",
}

@inproceedings{Saxena:NIPS05,
  title="Learning Depth from Single Monocular Images",
  author="Ashutosh Saxena and Sung H. Chung and Andrew Y. Ng",
  booktitle=NIPS,
  year="2005",
}

@inproceedings{Borenstein:ECCV02,
  author = {Eran Borenstein and Shimon Ullman},
  title = {Class-Specific, Top-Down Segmentation},
  booktitle = ECCV,
  year = {2002},
}

@inproceedings{Kumar:CVPR05,
  author = "Kumar, M.~P. and Torr, P.~H.~S. and Zisserman, A.",
  title = "{OBJ} {CUT}",
  booktitle = CVPR,
  year = "2005",
}

@inproceedings{Shotton:ECCV06,
  author = {Shotton, Jamie and Winn, John and Rother, Carsten and Criminisi, Antonio},
  title = {Texton{B}oost: Joint Appearance, Shape and Context Modeling for Multi-Class Object Recognition and Segmentation},
  booktitle = ECCV,
  year = {2006}
}

@inproceedings{Rabinovich:ICCV07,
  author = {Andrew Rabinovich and Andrea Vedaldi and Carolina Galleguillos and Eric Wiewiora and Serge Belongie},
  title = {Objects in Context},
  booktitle = ICCV,
  year = 2007
}

@article{ShiMalik:PAMI:00,
  author = {Jianbo Shi and Jitendra Malik},
  title = {Normalized Cuts and Image Segmentation},
  journal = PAMI,
  year = {2000},
}

@inproceedings{RenMalik:ICCV03,
  author = "Xiaofeng Ren and Jitendra Malik",
  title = "Learning a classification model for segmentation",
  booktitle = {Proc.~of the International Conference on Computer Vision (ICCV)},
  year = "2003"
}

@inproceedings{Mori:CVPR04,
  author = "Greg Mori and Xiaofeng Ren and Alexei A. Efros and Jitendra Malik",
  title = "Recovering human body configurations: combining segmentation and recognition.",
  booktitle = CVPR,
  year = "2004",
}

@article{Felzenszwalb:IJCV04,
  author = {Pedro F. Felzenszwalb and Daniel P. Huttenlocher},
  title = {Efficient Graph-Based Image Segmentation},
  journal = IJCV,
  year = {2004}
}

@inproceedings{Fergus:ICCV05,
  author = {Rob Fergus and Li Fei-Fei and Pietro Perona and Andrew Zisserman},
  title = {Learning Object Categories from Google"s Image Search},
  booktitle = {Proc.~of the International Conference on Computer Vision (ICCV)},
  year = {2005}
}

@inproceedings{Sudderth:IJCV07,
  author = "Eric B. Sudderth and Antonio Torralba and William T. Freeman and Alan S. Willsky",
  title = "Describing Visual Scenes Using Transformed Objects and Parts",
  booktitle = IJCV,
  year = "2007"
}

@inproceedings{Anguelov:NIPS04,
  author = {Dragomir Anguelov and Praveen Srinivasan and Hoi-Cheung Pang and Daphne Koller and Sebastian Thrun and James Davis},
  title = {The Correlated Correspondence Algorithm for Unsupervised Registration of Nonrigid Surfaces},
  booktitle = NIPS,
  year = {2004}
}

@inproceedings{Anguelov:SIGGRAPH05,
  author = {Drago Anguelov and Praveen Srinivasan and Daphne Koller and Sebastian Thrun and Jim Rodgers and James Davis},
  title = {SCAPE: Shape Completion and Animation of People},
  booktitle = SIGGRAPH,
  year = {2005}
}

@inproceedings{FeiFei:PAMI06,
  author = "Li Fei-Fei and Rob Fergus and Pietro Perona",
  title = "One-Shot Learning of Object Categories",
  booktitle = PAMI,
  year = "2006"
}

@article{Saxena:IJCV07,
  author="Ashutosh Saxena and Sung H. Chung and Andrew Y. Ng",
  title="3-D Depth Reconstruction from a Single Still Image",
  journal=IJCV,
  year="2007"
}

@inproceedings{Sudderth:CVPR06,
  author = {Erik B. Sudderth and Antonio Torralba and William T. Freeman and Alan S. Willsky},
  title = {Depth from Familiar Objects: A Hierarchical Model for 3{D} Scenes},
  booktitle = CVPR,
  year = {2006},
  pages = {2410--2417},
}

@article{Torralba:06,
  author = {Torralba, A.  and Oliva, A.  and Castelhano, M. S.  and Henderson, J. M. },
  journal = {Psychol Rev},
  month = {October},
  number = {4},
  pages = {766--786},
  title = {Contextual guidance of eye movements and attention in real-world scenes: the role of global features in object search.},
  volume = {113},
  year = {2006}
}

@inproceedings{Torralba:NIPS04,
  author = "Antonio Torralba and Kevin P. Murphy and William T. Freeman",
  title = "Contextual models for object detection using boosted random fields",
  booktitle = NIPS,
  year = "2004"
}

@inproceedings{Torralba:CVPR04,
  author = "Antonio Torralba and Kevin P. Murphy and William T. Freeman",
  title = "Sharing features: efficient boosting procedures for multiclass object detection",
  booktitle = CVPR,
  year = "2004"
}

@inproceesings{Torralba:ICCV03,
  author = {Antonio Torralba and Kevin P. Murphy and William T. Freeman and M. A. Rubin},
  title = {Context-based vision system for place and object recognition},
  booktitle = ICCV,
  year = {2003}
}

@inproceedings{Serre:CVPR05,
  author = {Serre, Thomas and Wolf, Lior and Poggio, Tomaso},
  title = {Object Recognition with Features Inspired by Visual Cortex},
  booktitle = CVPR,
  year = {2005}
}

@inproceedings{Hoiem:CVPR06,
  author = {Derek Hoiem and Alexei A. Efros and Martial Hebert},
  title = {Putting Objects in Perspective},
  booktitle = CVPR,
  year = {2006}
}

@article{WuRehg:05,
  author = {S. Charles Brubaker and Jianxin Wu and Jie Sun and Matthew D. Mullin and James M. Rehg},
  title = {On the Design of Cascades of Boosted Ensembles for Face Detection},
  journal = IJCV,
  year = {2007}
}

@inproceedings{Fink:NIPS03,
  author = {Michael Fink and Pietro Perona},
  title = {Mutual Boosting for Contextual Inference},
  booktitle = NIPS,
  year = {2003}
}

@inproceedings{Murphy:NIPS03,
  author = "Kevin P. Murphy and Antonio Torralba and William T. Freeman",
  title = "Using the forest to see the tree: a graphical model relating features, objects and the scenes",
  booktitle = NIPS,
  year = "2003",
}

@inproceedings{Winn:ICCV05a,
  author = {John Winn and Antonio Criminisi and Tom Minka},
  title = {Object Categorization by Learned Universal Visual Dictionary},
  booktitle = {Proc.~of the International Conference on Computer Vision (ICCV)},
  year = {2005},
}

@inproceedings{Marszaek:CVPR06,
  author = {Marcin Marszaek and Cordelia Schmid},
  title = {Spatial Weighting for Bag-of-Features},
  booktitle = CVPR,
  year = {2006},
}

@inproceedings{Holub:CVPR05,
  author = {Alex Holub and Pietro Perona},
  title = {A Discriminative Framework for Modeling Object Class},
  booktitle = CVPR,
  year = {2005}
}

@inproceedings{Borenstein:CVPR04,
  author = {Eran Borenstein and Eitan Sharon and Shimon Ullman},
  title = {Combining Top-Down and Bottom-Up Segmentation},
  booktitle = CVPR,
  year = {2004}
}

@inproceedings{Zhang:CVPR06,
  author = {Hao Zhang and Alexander C. Berg and Michael Maire and Jitendra Malik},
  title = {SVM-KNN: Discriminative Nearest Neighbor Classification for Visual Category Recognition},
  booktitle = CVPR,
  year = {2006}
}

@inproceedings{Fergus:CVPR03,
  author = {Rob Fergus and Pietro Perona and Andrew Zisserman},
  title = {Object Class Recognition by Unsupervised Scale-Invariant Learning},
  booktitle = CVPR,
  year = {2003}
}

@inproceedings{FeiFei:CVPR04,
  author = {Li Fei-Fei and Rob Fergus and Pietro Perona},
  title = {Learning generative visual models from few training examples: an incremental {B}ayesian approach tested on 101 object categories},
  booktitle = CVPR,
  year = 2004
}

@inproceedings{BarHillel:ICCV05,
  author = {Aharon Bar Hillel and Tomer Hertz and Daphna Weinshall},
  title = {Efficient Learning of Relational Object Class Models},
  booktitle = ICCV,
  year = {2005}
}

@inproceedings{Opelt:CVPR06,
  author = {Andreas Opelt and Alex Pinz and Andrew Zisserman},
  title = {Incremental learning of object detectors using a visual shape alphabet},
  booktitle = CVPR,
  year = {2006}
}

@inproceedings{Opelt:BMVC06,
  author = {Andreas Opelt and Alex Pinz and Andrew Zisserman},
  title = {Fusing shape and appearance information for object category detection},
  booktitle = {Proc.~of British Machine Vision Conference (BMVC)},
  year = {2006}
}

@inproceedings{Murphy:LNCS06,
  author = {Kevin P. Murphy and Antonio Torralba and Daniel Eaton and William T. Freeman},
  title = {Object Detection and Localization Using Local and Global Features},
  booktitle = {Toward Category-Level Object Recognition},
  editor = {J. {Ponce} and M. {Hebert} and C. {Schmid} and A. {Zisserman}},
  publisher = {MIT Press},
  address = {Cambridge, MA},
  year = {2006}
}

@inproceedings{Lazebnik:LNCS06,
  author = {Svetlana Lazebnik and Cordelia Schmid and Jean Ponce},
  title = {A Discriminative Framework for Texture and Object Recognition Using Local Image Features},
  booktitle = {Toward Category-Level Object Recognition},
  editor = {J. {Ponce} and M. {Hebert} and C. {Schmid} and A. {Zisserman}},
  year = {2006},
  publisher = {MIT Press},
  address = {Cambridge, MA}
}

@inproceedings{Roth:DAGM06,
  author    = {Volker Roth and Bj{\"o}rn Ommer},
  title     = {Exploiting Low-Level Image Segmentation for Object Recognition.},
  booktitle = {DAGM-Symposium},
  year      = {2006}
}

@article{Schapire:JMLR99,
  author = {Robert E. Schapire and Yoram Singer},
  title = {Improved Boosting Using Confidence-rated Predictions},
  journal = JMLR,
  volume = {37},
  number = {3},
  year = {1999},
  pages = {297--336}
}

@article{Fink:IJCV06,
  author = {Michael Fink and Shimon Ullman},
  title = {From Aardvark to Zorro: A Benchmark of Mammal Images},
  journal = IJCV,
  year = 2006
}

@inproceedings{Murphy:UAI99,
  author = {Kevin P. Murphy and Yair Weiss},
  title = {Loopy belief propagation for approximate inference: {A}n empirical study},
  booktitle = {Conference on Uncertainty in Artificial Intelligence (UAI)},
  year = {1999}
}

@article{Cooper:AI90,
  author = "G. F. Cooper",
  year = "1990",
  title = {The computational complexity of probabilistic inference using {B}ayesian belief networks},
  journal = "AI",
  volume = "42",
  pages = "393--405"
}

@inproceedings{Berg:CVPR05,
  author = {Alexander Berg and Tamara Berg and Jitendra Malik},
  title = {Shape Matching and Object Recognition using Low Distortion Correspondence},
  booktitle = CVPR,
  year = {2005}
}

@inproceedings{Agarwal:ECCV02,
  author     = {Shivani Agarwal and Dan Roth},
  title      = {Learning a sparse representation for object detection},
  booktitle  = ECCV,
  year       = {2002}
}

@inproceedings{Ferrari:ECCV06,
  author = {V. Ferrari and T. Tuytelaars and L. Van Gool},
  title = {Object Detection by Contour Segment Networks},
  booktitle = ECCV,
  year = {2006}
}

@inproceedings{Ferrari:CVPR07,
  author       = "Vittorio Ferrari and Frederic Jurie and Cordelia Schmid",
  title        = "Accurate Object Detection with Deformable Shape Models Learnt from Images",
  booktitle    = CVPR,
  year         = "2007",
}

@article{Ferrari:PAMI08,
  author = {V. Ferrari and L. Fevrier and F. Jurie and C. Schmid},
  title = {Groups of Adjacent Contour Segments for Object Detection},
  journal = PAMI,
  year = {2008}
}

@Article{Basri:VR98,
  author =	 {R. Basri and L. Costa and D. Geiger and D. Jacobs},
  title =	 {Determining the similarity of deformable shapes.},
  journal =	 {Vision Research},
  year =	 1998,
  volume =	 38,
  pages =	 {2365-2385}
}

@inproceedings{Felzenzwalb:CVPR00,
  author = {Pedro F. Felzenszwalb and Daniel P. Huttenlocher},
  title = {Efficient Matching of Pictorial Structures},
  booktitle = CVPR,
  year = {2000}
}

@inproceedings{Belongie:NIPS00,
  author = "Serge Belongie and Jitendra Malik and Jan Puzicha",
  title = "Shape Context: A New Descriptor for Shape Matching and Object Recognition",
  booktitle = NIPS,
  year = "2000"
}

@article{Sebastian:PAMI04,
  author = {Thomas B. Sebastian and Philip N. Klein and Benjamin B. Kimia},
  title = {Recognition of Shapes by Editing Their Shock Graphs},
  journal = PAMI,
  volume = {26},
  number = {5},
  year = {2004},
  pages = {550--571}
}

@book{Dryden:98,
  author = {I.~Dryden and K.~Mardia},
  title = {Statistical Shape Analysis},
  publisher = {Wiley},
  year = {1998}
}

@inproceedings{Davies:IPMI01,
  author = {Rhodri H. Davies and Timothy F. Cootes and Christopher J. Taylor},
  title = {A Minimum Description Length Approach to Statistical Shape Modelling},
  booktitle = {IPMI},
  year = {2001},
  pages = {50--63},
  publisher = {Springer-Verlag},
  address = {London, UK},
}

@article{meur2006,
  author = {Olivier Le Meur and Patrick Le Callet and Dominique Barba and Dominique Thoreau},
  title = {A Coherent Computational Approach to Model Bottom-Up Visual Attention},
  journal = PAMI,
  volume = {28},
  number = {5},
  year = {2006},
  pages = {802-817}
}

@inproceedings{hu2004,
  author = {Yiqun Hu and Xing Xie and Wei-Ying Ma and Liang-Tien Chia and Deepu Rajan},
  title = {Salient Region Detection using Weighted Feature Maps based on the Human Visual Attention Model},
  booktitle = {Fifth IEEE Pacifc-Rim Conference on Multimedia},
  address = {Tokyo Waterfront City, Japan},
  month = {November},
  year = {2004}
}

@misc{ walther02attentional,
  author = "D. Walther and L. Itti and M. Riesenhuber and T. Poggio and C. Koch",
  title = "Attentional selection for object recognition - a gentle way",
  text = "D. Walther, L. Itti, M. Riesenhuber, T. Poggio, and C. Koch. Attentional
    selection for object recognition - a gentle way. (BMCV'02), Tubingen, Germany, 2002.",
  year = "2002"
}

@inproceedings{Bonaiuto:CVPR05,
  author = {J.J. Bonaiuto and L. Itti},
  title = {Combining attention and recognition for rapid scene analysis},
  booktitle = CVPR,
  year = {2005}
}

@inproceedings{Leibe:CVPR07,
  author = {B. Leibe and N. Cornelis and K. Cornelis and L. Van Gool},
  title = {Dynamic 3{D} Scene Analysis from a Moving Vehicle},
  booktitle = CVPR,
  year = {2007}
}

@inproceedings{Dalal:CVPR05,
  author = {Dalal, N. and Triggs, B.},
  booktitle = CVPR,
  title = {Histograms of Oriented Gradients for Human Detection},
  year = {2005}
}

@inproceedings{Yang:CVPR07,
  author = {Lin Yang and Peter Meer and David J. Foran},
  title = {Multiple Class Segmentation Using A Unified Framework over Mean-Shift Patches},
  booktitle = CVPR,
  year = {2007}
}

@inproceedings{Kumar:ICCV05,
  author = {S.~Kumar and M.~Hebert},
  title = {A Hierarchical Field Framework for Unified Context-Based Classification},
  booktitle = {Proc.~of the International Conference on Computer Vision (ICCV)},
  year = {2005}
}


@inproceedings{Thomas:3DDR07,
  author = {Alexander Thomas and Vittorio Ferrari and Bastian Leibe and Tinne Tuytelaars and Luc Van Gool},
  title = {Depth-From-Recognition: Inferring Meta-data by Cognitive Feedback},
  booktitle = {3DDR},
  year = {2007}
}

@misc{Clifford:1990,
  author = {Peter Clifford},
  title = {Markov Random Fields in Statistics},
  year = {1990}
}

@inproceedings{Boykov:CVPR03,
  author = {Yuri Boykov and Olga Veksler and Ramin Zabih},
  title = {Fast approximate energy minimization via graph cuts},
  booktitle = CVPR,
  year = {2003}
}

@inproceedings{Lee:NIPS06,
  author = "Su-In Lee and Varun Ganapathi and Daphne Koller",
  title = "Efficient Structure Learning of Markov Networks using L1-Regularization",
  booktitle = NIPS,
  year = "2006"
}

@inproceedings{Lee:ICML07,
  author = "Su-In Lee and Vassil Chatalbashev and David Vickrey and Daphne Koller",
  title = "Learning a Meta-Level Prior for Feature Relevance from Multiple Related Tasks",
  booktitle = "ICML",
  year = "2007"
}

@inproceedings{Duchi:NIPS07,
  author = "John Duchi and Danny Tarlow and Gal Elidan and Daphne Koller",
  title = "Using Combinatorial Optimization within Max-Product Belief Propagation",
  booktitle = NIPS,
  year = "2006"
}

@inproceedings{Elidan:UAI06,
  author = "Gal Elidan and Ian McGraw and Daphne Koller",
  title = "Residual Belief Propagation: Informed Scheduling for Asynchronous Message Passing",
  booktitle = UAI,
  year = "2006"
}

@inproceedings{Elidan:CVPR06,
  author = "Gal Elidan and Geremy Heitz and Daphne Koller",
  title = "Learning Object Shape: From Drawings to Images",
  booktitle = CVPR,
  year = "2006"
}

@inproceedings{Ganapathi:UAI08,
  author = "Varun Ganapathi and David Vickrey and John Duchi and Daphne Koller",
  title = "Constrained Approximate Maximum Entropy Learning",
  booktitle = UAI,
  year = "2008"
}

@article{Boykov:PAMI04,
  author = {Yuri Boykov and Vladimir Kolmogorov},
  title = {An Experimental Comparison of Min-Cut/Max-Flow Algorithms for Energy Minimization in Vision},
  journal = PAMI,
  volume = {26},
  pages = {1124--1137},
  year = {2004}
}

@article{Kass:IJCV88,
  author = {M. Kass and A. Witkin and D. Terzolpoulos},
  title = {Snakes: Active Contour Models},
  journal = IJCV,
  year = {1988}
}

@inproceedings{Mortensen:GMIP98,
  author = {E. N. Mortensen and W. A. Barrett},
  title = {Interactive segmentation with intelligent scissors},
  booktitle = {GMIP},
  year = {1998}
}

@article{Zhu:PAMI96,
  author = {S. C. Zhu and A. Yuille},
  title = {Region Completion: Unifying snakes, region growing, and Bayes/{MDL} for Multiband image segmentation},
  journal = PAMI,
  year = {1996}
}

@article{Kolmogorov:PAMI06,
  author = {V. Kolmogorov},
  title = {Convergent tree-reweighted message passing for energy minimization},
  journal = PAMI,
  year = 2006
}

@inproceedings{Sontag:UAI08,
  author = {D. Sontag and T. Meltzer and A. Globerson and T. Jaakkola and Y. Weiss},
  title = {Tightening {LP} relaxations for {MAP} using message passing},
  booktitle = UAI,
  year = {2008}
}

@inproceedings{Freedman:CVPR05,
    author = {Daniel Freedman and Petros Drineas},
    title = {Energy Minimization via Graph Cuts: Settling What is Possible},
    booktitle = CVPR,
    year = {2005},
}

@article{Yanover:JMLR06,
    title = {Linear Programming Relaxations and Belief Propagation---An Empirical Study},
    author = {C. Yanover and T. Meltzer and Y. Weiss},
    journal = JMLR,
    year = {2006}
}

@inproceedings{Yanover:RECOMB07,
  author = {C. Yanover and O. Schueler-Furman and Y. Weiss},
  title = {Minimizing and Learning Energy Functions for Side-Chain Prediction},
  booktitle = {RECOMB},
  year = 2007,
}

@inproceedings{Globerson:NIPS07,
  author = "Amir Globerson and Tommi Jaakkola",
  title = "Fixing max-product: Convergent message passing algorithms for {MAP} {LP}-relaxations",
  booktitle = NIPS,
  year = "2007"
}

@article{Wainwright:IEEE05,
  author={Wainwright, M.J. and Jaakkola, T.S. and Willsky, A.S.},
  title={{MAP} estimation via agreement on trees: message-passing and linear programming},
  journal={IEEE Trans.~on Info. Theory},
  year={2005}
}

@inproceedings{Komodakis:ICCV07,
  author = {N. Komodakis and N. Paragios and G. Tziritas},
  title = {{MRF} Optimization via Dual Decomposition: Message-Passing Revisited},
  booktitle = {Proc.~of the International Conference on Computer Vision (ICCV)},
  year = {2007}
}

@article{Komodakis:PAMI07,
  author = {N. Komodakis and G. Tziritas},
  title = {Approximate Labeling via Graph-Cuts Based on Linear Programming},
  journal = PAMI,
  year = {2007}
}

@inproceedings{Komodakis:CVPR06,
  author = {N. Komodakis and G. Tziritas},
  title = {Image Completion Using Efficient Belief Propagation via Priority Scheduling and Dynamic Pruning},
  booktitle = CVPR,
  year = "2006"
}

@inproceedings{Criminisi:CVPR03,
  author = {A. Criminisi and P. Perez and K. Toyama},
  title = {Object Removal by Exemplar-Based Inpainting},
  booktitle = CVPR,
  year = {2003}
}

% QPBO
@inproceedings{Rother:CVRP07,
  author = "C. Rother and V. Kolmogorov and V. Lempitsky and M. Szummer",
  title = "Optimizing binary {MRF}s via extended roof duality",
  booktitle = CVPR,
  year = "2007"
}

@article{Kolmogorov:PAMI07,
  author = {Kolmogorov, V. and Rother, C.},
  title = {Minimizing Nonsubmodular Functions with Graph Cuts---{A} Review},
  journal = PAMI,
  year={2007},
}

@article{Kolmogorov:PAMI04,
  author = {Vladimir Kolmogorov and Ramin Zabih},
  title = {What energy functions can be minimized via graph cuts?},
  journal = PAMI,
  volume = {26},
  pages = {65--81},
  year = {2004}
}

@inproceedings{Veksler:CVPR07,
  author = {Olga Veksler},
  title = {Graph Cut Based Optimization for {MRF}s with Truncated Convex Priors},
  booktitle = CVPR,
  year = {2007}
}

@inproceedings{Taskar:NIPS03,
  author = {Ben Taskar and Carlos Guestrin and Daphne Koller},
  title = {Max-Margin Markov Networks},
  booktitle = NIPS,
  year = {2003}
}

@inproceedings{Taskar:ICML04,
  author = {Ben Taskar and Vasco Chatalbashev and Daphne Koller},
  title = {Learning Associative Markov Networks},
  booktitle = ICML,
  year = {2004}
}

@article{Hastings:70,
  author = {W. K. Hastings},
  title = {Monte Carlo sampling methods using Markov chains and their applications},
  journal = {Biometrika},
  year = {1970},
}

@inproceedings{Levin:ECCV06,
  author = {Anat Levin and Yair Weiss},
  title = {Learning to Combine Bottom-Up and Top-Down Segmentation},
  booktitle = ECCV,
  year = {2006}
}

@article{Crammer:JMLR01,
  author = "Koby Crammer and Yoram Singer",
  title = "On the algorithmic implementation of multiclass kernelbased vector machines",
  journal = JMLR,
  year = "2001"
}

@book{Gelman:1995,
  author = {A. Gelman and J. Carlin and H. Stern and D. Rubin},
  title = {{B}ayesian Data Analysis},
  publisher = {Capman and Hall},
  year = 1995
}

@inproceedings{Woodford:CVPR08,
  author = "O. J. Woodford and P. H. S. Torr and I. D. Reid and A. W. Fitzgibbon",
  title = "Global Stereo Reconstruction under Second Order Smoothness Priors",
  booktitle = CVPR,
  year = "2008"
}

@inproceedings{Sutton:UAI05,
  author = {Charles Sutton and Andrew McCallum},
  title = {Piecewise Training of Undirected Models},
  booktitle = UAI,
  year = 2005
}

@article{Besag:1975,
  author = {Julian Besag},
  title = {Statistical analysis of non-lattice data.},
  journal = {The Statistician},
  pages = {179--195},
  year = {1975}
}

@inproceedings{Potetz:CVPR07,
  author = {Brian Potetz},
  title = {Efficient Belief Propagation for Vision Using Linear Constraint Nodes},
  booktitle = CVPR,
  year = 2007
}

@inproceedings{Winn:ICCV05b,
  author = {J. Winn and N. Jojic},
  title = {{LOCUS:} {L}earning Object Classes with Unsupervised Segmentation},
  booktitle = ICCV,
  year = 2005
}

@inproceedings{Kumar:NIPS08,
  author = {M.P. Kumar and P.H.S. Torr},
  title = {Improved Moves for Truncated Convex Models},
  booktitle = NIPS,
  year = 2008
}

@inproceedings{Malisiewicz:BMVC07,
  author = {Tomasz Malisiewicz and Alexei A. Efros},
  title = {Improving Spatial Support for Objects via Multiple Segmentations},
  booktitle = BMVC,
  year = 2007
}

@inproceedings{Russell:CVPR06,
  author = {B. C. Russell and A. A. Efros and J. Sivic and W. T. Freeman and A. Zisserman},
  title = {Using Multiple Segmentations to Discover Objects and their Extent in Image Collections},
  booktitle = CVPR,
  year = {2006}
}

@inproceedings{Dahlkamp:RSS06,
  author = {H. Dahlkamp and A. Kaehler and D. Stavens and S. Thrun and G. Bradski},
  title = {Self-Supervised Monocular Road Detection in Desert Terrain},
  booktitle = {Proc.~of Robotics: Science and Systems (RSS)},
  year = {2006}
}

@inproceedings{Bach:NIPS01,
  author = {Francis Bach and Michael I. Jordan},
  title = {Thin junction trees},
  booktitle = NIPS,
  year = {2001}
}

@article{Chow:1968,
  author = {C. K. Chow and C. N. Liu},
  title = {Approximating discrete probability distributions with dependence trees},
  journal = {IEEE Trans.~on Info.~Theory},
  volume = 14,
  pages = {462--467},
  year = 1968
}

@inproceedings{Ye:NIPS09,
  author = {Nan Ye and Wee Sun Lee and Hai Leong Chieu and Dan Wu},
  title = {Conditional Random Fields with High-Order Features for Sequence Labeling},
  booktitle = NIPS,
  year = {2009}
}


@inproceedings{Lan:ECCV06,
  author = {Lan, X. and Roth, S. and Huttenlocher, D. and Black, M. J.},
  title = {Efficient belief propagation with learned higher-order Markov random fields},
  booktitle = ECCV,
  year = {2006}
}

@inproceedings{Li:CVPR09,
  author = {Li, L.-J. and Socher, R. and Fei-Fei, L.},
  title = {Towards total scene understanding: Classification, annotation and segmentation in an automatic framework},
  booktitle = CVPR,
  year = {2009}
}

@inproceedings{Murphy:UIA99,
  author = {Kevin P. Murphy and Yair Weiss and Michael I. Jordan},
  title = {Loopy Belief Propagation for Approximate Inference: An Empirical Study},
  booktitle = UAI,
  year = {1999}
}
